
@article{frick2010,
	title = {An Emerging Disease Causes Regional Population Collapse of a Common North American Bat Species},
	author = {{Frick}, {W. F.} and {Pollock}, {J. F.} and {Hicks}, {A. C.} and {Langwig}, {K. E.} and {Reynolds}, {D. S.} and {Turner}, {G. G.} and {Butchkoski}, {C. M.} and {Kunz}, {T. H.}},
	year = {2010},
	month = {08},
	date = {2010-08-06},
	journal = {Science},
	pages = {679--682},
	volume = {329},
	number = {5992},
	doi = {10.1126/science.1188594},
	url = {https://www.sciencemag.org/lookup/doi/10.1126/science.1188594},
	langid = {en}
}

@article{frick2010a,
	title = {An Emerging Disease Causes Regional Population Collapse of a Common North American Bat Species},
	author = {{Frick}, {W. F.} and {Pollock}, {J. F.} and {Hicks}, {A. C.} and {Langwig}, {K. E.} and {Reynolds}, {D. S.} and {Turner}, {G. G.} and {Butchkoski}, {C. M.} and {Kunz}, {T. H.}},
	year = {2010},
	month = {08},
	date = {2010-08-06},
	journal = {Science},
	pages = {679--682},
	volume = {329},
	number = {5992},
	doi = {10.1126/science.1188594},
	url = {https://www.sciencemag.org/lookup/doi/10.1126/science.1188594},
	langid = {en}
}

@article{jachowski2014,
	title = {Disease and community structure: white-nose syndrome alters spatial and temporal niche partitioning in sympatric bat species},
	author = {{Jachowski}, {David S.} and {Dobony}, {Chris A.} and {Coleman}, {Laci S.} and {Ford}, {William M.} and {Britzke}, {Eric R.} and {Rodrigue}, {Jane L.}},
	editor = {{Leung}, {Brian}},
	year = {2014},
	month = {09},
	date = {2014-09},
	journal = {Diversity and Distributions},
	pages = {1002--1015},
	volume = {20},
	number = {9},
	doi = {10.1111/ddi.12192},
	url = {https://onlinelibrary.wiley.com/doi/10.1111/ddi.12192},
	langid = {en}
}

@article{hoyt2021,
	title = {Ecology and impacts of white-nose syndrome on bats},
	author = {{Hoyt}, {Joseph R.} and {Kilpatrick}, {A. Marm} and {Langwig}, {Kate E.}},
	year = {2021},
	month = {03},
	date = {2021-03},
	journal = {Nature Reviews Microbiology},
	pages = {196--210},
	volume = {19},
	number = {3},
	doi = {10.1038/s41579-020-00493-5},
	url = {http://www.nature.com/articles/s41579-020-00493-5},
	langid = {en}
}

@article{jachowski2014a,
	title = {Disease and community structure: white-nose syndrome alters spatial and temporal niche partitioning in sympatric bat species},
	author = {{Jachowski}, {David S.} and {Dobony}, {Chris A.} and {Coleman}, {Laci S.} and {Ford}, {William M.} and {Britzke}, {Eric R.} and {Rodrigue}, {Jane L.}},
	editor = {{Leung}, {Brian}},
	year = {2014},
	month = {09},
	date = {2014-09},
	journal = {Diversity and Distributions},
	pages = {1002--1015},
	volume = {20},
	number = {9},
	doi = {10.1111/ddi.12192},
	url = {https://onlinelibrary.wiley.com/doi/10.1111/ddi.12192},
	langid = {en}
}

@article{nocera2019,
	title = {Patterns of acoustical activity of bats prior to and 10 years after WNS on Fort Drum Army Installation, New York},
	author = {{Nocera}, {Tomás} and {Ford}, {W. Mark} and {Silvis}, {Alexander} and {Dobony}, {Christopher A.}},
	year = {2019},
	month = {04},
	date = {2019-04},
	journal = {Global Ecology and Conservation},
	pages = {e00633},
	volume = {18},
	doi = {10.1016/j.gecco.2019.e00633},
	url = {https://linkinghub.elsevier.com/retrieve/pii/S2351989419300861},
	langid = {en}
}

@article{jachowski2014b,
	title = {Disease and community structure: white-nose syndrome alters spatial and temporal niche partitioning in sympatric bat species},
	author = {{Jachowski}, {David S.} and {Dobony}, {Chris A.} and {Coleman}, {Laci S.} and {Ford}, {William M.} and {Britzke}, {Eric R.} and {Rodrigue}, {Jane L.}},
	editor = {{Leung}, {Brian}},
	year = {2014},
	month = {09},
	date = {2014-09},
	journal = {Diversity and Distributions},
	pages = {1002--1015},
	volume = {20},
	number = {9},
	doi = {10.1111/ddi.12192},
	url = {https://onlinelibrary.wiley.com/doi/10.1111/ddi.12192},
	langid = {en}
}

@article{francl2012,
	title = {Capture and Reproductive Trends in Summer Bat Communities in West Virginia: Assessing the Impact of White-Nose Syndrome},
	author = {{Francl}, {Karen E.} and {Ford}, {W. Mark} and {Sparks}, {Dale W.} and {Brack}, {Virgil}},
	year = {2012},
	month = {06},
	date = {2012-06-01},
	journal = {Journal of Fish and Wildlife Management},
	pages = {33--42},
	volume = {3},
	number = {1},
	doi = {10.3996/062011-JFWM-039},
	url = {https://meridian.allenpress.com/jfwm/article/3/1/33/209516/Capture-and-Reproductive-Trends-in-Summer-Bat},
	langid = {en}
}

@article{morningstar2019,
	title = {Interspecific competition in bats and diet shifts in response to white-nose syndrome},
	author = {{Morningstar}, {Derek E.} and {Robinson}, {Chloe V.} and {Shokralla}, {Shadi} and {Hajibabaei}, {Mehrdad}},
	year = {2019},
	date = {2019},
	journal = {Ecosphere},
	pages = {e02916},
	volume = {10},
	number = {11},
	doi = {10.1002/ecs2.2916},
	url = {https://onlinelibrary.wiley.com/doi/abs/10.1002/ecs2.2916},
	note = {{\_}eprint: https://onlinelibrary.wiley.com/doi/pdf/10.1002/ecs2.2916},
	langid = {en}
}

@article{nocera2019a,
	title = {Patterns of acoustical activity of bats prior to and 10 years after WNS on Fort Drum Army Installation, New York},
	author = {{Nocera}, {Tomás} and {Ford}, {W. Mark} and {Silvis}, {Alexander} and {Dobony}, {Christopher A.}},
	year = {2019},
	month = {04},
	date = {2019-04},
	journal = {Global Ecology and Conservation},
	pages = {e00633},
	volume = {18},
	doi = {10.1016/j.gecco.2019.e00633},
	url = {https://linkinghub.elsevier.com/retrieve/pii/S2351989419300861},
	langid = {en}
}

@misc{ministryofforests,
	title = {White Nose Syndrome - Province of British Columbia},
	author = {{Ministry of Forests}, {Lands}},
	url = {https://www2.gov.bc.ca/gov/content/environment/plants-animals-ecosystems/wildlife/wildlife-health/wildlife-diseases/white-nose-syndrome},
	note = {Last Modified: 2021-05-28
Publisher: Province of British Columbia},
	langid = {eng}
}

@article{mann2003,
	title = {Observational research methods. Research design II: cohort, cross sectional, and case-control studies},
	author = {{Mann}, {C. J.}},
	year = {2003},
	month = {01},
	date = {2003-01-01},
	journal = {Emergency Medicine Journal},
	pages = {54--60},
	volume = {20},
	number = {1},
	doi = {10.1136/emj.20.1.54},
	url = {https://emj.bmj.com/content/20/1/54},
	note = {Publisher: British Association for Accident and Emergency Medicine
Section: Research series
PMID: 12533370},
	langid = {en}
}

@article{zukal2016,
	title = {White-nose syndrome without borders: Pseudogymnoascus destructans infection tolerated in Europe and Palearctic Asia but not in North America},
	author = {{Zukal}, {Jan} and {Bandouchova}, {Hana} and {Brichta}, {Jiri} and {Cmokova}, {Adela} and {Jaron}, {Kamil S.} and {Kolarik}, {Miroslav} and {Kovacova}, {Veronika} and {Kubátová}, {Alena} and {Nováková}, {Alena} and {Orlov}, {Oleg} and {Pikula}, {Jiri} and {Presetnik}, {Primo{\v{z}}} and {{\v{S}}uba}, {Jur{\c{g}}is} and {Zahradníková}, {Alexandra} and {Martínková}, {Natália}},
	year = {2016},
	month = {01},
	date = {2016-01-29},
	journal = {Scientific Reports},
	pages = {19829},
	volume = {6},
	doi = {10.1038/srep19829},
	note = {PMID: 26821755
PMCID: PMC4731777},
	langid = {eng}
}
